<?xml version="1.0" encoding="UTF-8"?>
<collection xmlns:xsi="http://www.w3.org/2001/XMLSchema-instance" xsi:schemaLocation="http://www.loc.gov/MARC21/slim http://www.loc.gov/standards/marcxml/schema/MARC21slim.xsd" xmlns="http://www.loc.gov/MARC21/slim">
<record>
  <leader>01293cam a22002531  4500</leader>
  <controlfield tag="001">3068451</controlfield>
  <controlfield tag="003">NNC</controlfield>
  <controlfield tag="005">20151019143158.0</controlfield>
  <controlfield tag="008">010820s1901    ua            000 0 ara d</controlfield>
  <datafield tag="035" ind1=" " ind2=" ">
    <subfield code="a">(OCoLC)ocm47809285</subfield>
  </datafield>
  <datafield tag="035" ind1=" " ind2=" ">
    <subfield code="9">ATP0916CU</subfield>
  </datafield>
  <datafield tag="035" ind1=" " ind2=" ">
    <subfield code="a">(NNC)3068451</subfield>
  </datafield>
  <datafield tag="035" ind1=" " ind2=" ">
    <subfield code="a">3068451</subfield>
  </datafield>
  <datafield tag="040" ind1=" " ind2=" ">
    <subfield code="a">ZCU</subfield>
    <subfield code="c">ZCU</subfield>
  </datafield>
  <datafield tag="099" ind1=" " ind2=" ">
    <subfield code="a">893.7991</subfield>
    <subfield code="a">G341</subfield>
  </datafield>
  <datafield tag="130" ind1="0" ind2=" ">
    <subfield code="a">Sifr badīʻ jalīl wa-majmuʻ gharīb qalīl al-mathīl iḥtawʹa ʼalʹa thalāthat kutub.</subfield>
  </datafield>
  <datafield tag="245" ind1="1" ind2="0">
    <subfield code="a">Hādhā sifr badīʻ jalīl wa-majmūʻ gharīb ...</subfield>
    <subfield code="b">iḥtawā ʻalá thalāthat kutub min gharāʾib al-muʾallafāt ... awwaluhā Tahāfut al-falāsifah lil-Imām al-Ghazzālī, wa-thānīhā Tahāfut al-falāsifah lil-Imām Ibn Rushd al-Andalusī, allafahū muʻāridan lil-Imam al-Ghazzālī ... wa-thālithuhā Tahāfut al-falāsifah lil-ʻallāmah Khwajahʹzādah awḥad ʻulamāʾ al-Rūm fi ʻaṣrihī...</subfield>
  </datafield>
  <datafield tag="260" ind1=" " ind2=" ">
    <subfield code="a">Miṣr,</subfield>
    <subfield code="b">al-Maṭb. al-Khayrīyah,</subfield>
    <subfield code="c">1319 [1901]</subfield>
  </datafield>
  <datafield tag="300" ind1=" " ind2=" ">
    <subfield code="a">2 v. in 1.</subfield>
  </datafield>
  <datafield tag="650" ind1=" " ind2="0">
    <subfield code="a">Islamic philosophy.</subfield>
  </datafield>
  <datafield tag="700" ind1="0" ind2=" ">
    <subfield code="a">Ghazzālī,</subfield>
    <subfield code="d">1058-1111.</subfield>
    <subfield code="t">Tahāfut al-falāsifah.</subfield>
  </datafield>
  <datafield tag="700" ind1="0" ind2=" ">
    <subfield code="a">Averroës,</subfield>
    <subfield code="d">1126-1198.</subfield>
    <subfield code="t">Tahāfut al-tahāfut.</subfield>
  </datafield>
  <datafield tag="700" ind1="1" ind2=" ">
    <subfield code="a">Khwājahzādah, Muṣṭafʹa ibn Yūsuf,</subfield>
    <subfield code="d">-1487 or 1488.</subfield>
    <subfield code="t">Tahāfut al-falāsifah.</subfield>
  </datafield>
  <datafield tag="955" ind1=" " ind2=" ">
    <subfield code="b">CU58868356</subfield>
    <subfield code="d">off,glx</subfield>
    <subfield code="e">893.7991 G341</subfield>
  </datafield>
</record>
</collection>